@misc{JohnnyVR,
 author = {Johnny Chung Lee},
 title = {Head Tracking for Desktop VR Displays using the Wii Remote},
 note = {Http://www.cs.cmu.edu/~johnny/projects/wii/},
}

@misc{JohnnyTouch,
 author = {Johnny Chung Lee},
 title = {Low-Cost Multi-point Interactive Whiteboards Using the Wiimote},
 note = {Http://www.cs.cmu.edu/~johnny/projects/wii/},
}

@inproceedings{Faugeras92,
 author = {Olivier D. Faugeras},
 title = {What can be seen in three dimensions with an uncalibrated stereo rig},
 booktitle = {ECCV '92: Proceedings of the Second European Conference on Computer Vision},
 year = {1992},
 isbn = {3-540-55426-2},
 pages = {563--578},
 publisher = {Springer-Verlag},
 address = {London, UK},
}

@inproceedings{Hartley95,
 author = {R. I. Hartley},
 title = {In defence of the 8-point algorithm},
 booktitle = {ICCV '95: Proceedings of the Fifth International Conference on Computer Vision},
 year = {1995},
 isbn = {0-8186-7042-8},
 pages = {1064},
 publisher = {IEEE Computer Society},
 address = {Washington, DC, USA},
}

@article{Higgins87,
 author = {H. C. Longuet-Higgins},
 title = {A computer algorithm for reconstructing a scene from two projections},
 book = {Readings in computer vision: issues, problems, principles, and paradigms},
 year = {1987},
 isbn = {0-934613-33-8},
 pages = {61--62},
 publisher = {Morgan Kaufmann Publishers Inc.},
 address = {San Francisco, CA, USA},
}

@misc{ luong95,
 author = "Q. Luong and O. Faugeras",
 title = "The Fundamental Matrix: Theory, Algorithms, and Stability Analysis",
 text = "Luong, Q.-T. and Faugeras, O.D. The Fundamental Matrix: Theory, Algorithms, and Stability Analysis, to appear IJCV, 1995",
 year = "1995",
 url = "citeseer.ist.psu.edu/article/luong95fundamental.html",
}

@article{ zhang95,
 author = "Zhengyou Zhang and Rachid Deriche and Olivier D. Faugeras and Quang-Tuan Luong",
 title = "A Robust Technique for Matching two Uncalibrated Images Through the Recovery of the Unknown Epipolar Geometry",
 journal = "Artificial Intelligence",
 volume = "78",
 number = "1-2",
 pages = "87-119",
 year = "1995",
 url = "citeseer.ist.psu.edu/article/zhang94robust.html"
}

@article{Zhang00,
 author = {Zhengyou Zhang},
 title = {A Flexible New Technique for Camera Calibration},
 journal = {IEEE Trans. Pattern Anal. Mach. Intell.},
 volume = {22},
 number = {11},
 year = {2000},
 issn = {0162-8828},
 pages = {1330--1334},
 doi = {http://dx.doi.org/10.1109/34.888718},
 publisher = {IEEE Computer Society},
 address = {Washington, DC, USA},
}

@book{Hartley03,
 author = {Richard Hartley and Andrew Zisserman},
 title = {Multiple View Geometry in Computer Vision},
 year = {2003},
 isbn = {0521540518},
 publisher = {Cambridge University Press},
 address = {New York, NY, USA},
}

